% This file was created with Citavi 5.7.0.0



@misc{IndianaUniversity.14.05.2018,
 author = {{Indiana University}},
 editor = {{Indiana University Knowledge Base}},
 year = {14.05.2018},
 title = {What is a domain?},
 url = {https://kb.iu.edu/d/aoup},
 urldate = {01.07.2018}
}

@misc{1und1.2018,
 author = {1und1},
 editor = {1und1},
 year = {2018},
 title = {DNS -- Namensaufl{\"o}sung im Internet},
 url = {https://hosting.1und1.de/digitalguide/server/knowhow/namensaufloesung-im-netz-was-ist-ein-dns-server/},
 urldate = {01.07.2018}
}

% This file was created with Citavi 5.7.0.0

@misc{w3techs.2018,
 author = {w3techs},
 editor = {w3techs},
 year = {2018},
 title = {Most popular top-level domains worldwide as of May 2018},
 url = {\url{https://www.statista.com/statistics/265677/number-of-internet-top-level-domains-worldwide/}},
 address = {statista.com},
 urldate = {28.06.2018}
}

@misc{1und1.22.01.2018,
 author = {1und1},
 editor = {1und1},
 year = {2018},
 title = {Grundlegendes zu Domains},
 url = {https://hosting.1und1.de/digitalguide/domains/domaintipps/was-ist-eine-domain/},
 urldate = {01.07.2018}
}

@misc{NETNOD.2018,
 author = {NETNOD},
 year = {2018},
 title = {What are root name servers?},
 url = {https://www.netnod.se/i-root/what-are-root-name-servers},
 urldate = {01.07.2018}
}

@misc{1&1InternetSE.2018,
 author = {{1{\&}1 Internet SE}},
 editor = {{1{\&}1 Internet SE}},
 year = {2018},
 title = {Was ist ein Root-Server? Definition und Funktionsweise},
 url = {https://hosting.1und1.de/digitalguide/server/knowhow/was-ist-ein-root-server-definition-und-hintergruende/},
 address = {1{\&}1 Digital Guide},
 urldate = {02.07.2018}
}

@misc{MEWForce.2018,
 author = {MEWForce},
 year = {2018},
 title = {Official statement regarding DNS spoofing of MyEtherWallet domain},
 url = {https://www.reddit.com/r/MyEtherWallet/comments/8eloo9/official_statement_regarding_dns_spoofing_of/},
 address = {reddit.com/r/MyEatherWallet},
 urldate = {01.07.2018}
}

@proceedings{Gill.2016,
 year = {2016},
 title = {IMC'16: Proceedings of the 2016 Internet Measurement Conference : November 14-16, 2016, Santa Monica, CA, USA},
 keywords = {Internet},
 address = {New York, NY},
 publisher = {{ACM Association for Computing Machinery}},
 isbn = {9781450345262},
 editor = {Gill, Phillipa and Heidemann, John and Byers, John W. and Govindan, Ramesh},
 institution = {IMC and {Association for Computing Machinery} and {ACM Internet Measurement Conference} and {Internet Measurement Conference} and {ACM IMC}},
 doi = {10.1145/2987443}
}

@inproceedings{Moura.2016,
 author = {Moura, Giovane C.M. and Schmidt, Ricardo de O. and Heidemann, John and de Vries, Wouter B. and Muller, Moritz and Wei, Lan and Hesselman, Cristian},
 title = {Anycast vs. DDoS},
 pages = {255--270},
 publisher = {{ACM Association for Computing Machinery}},
 isbn = {9781450345262},
 editor = {Gill, Phillipa and Heidemann, John and Byers, John W. and Govindan, Ramesh},
 booktitle = {IMC'16},
 year = {2016},
 address = {New York, NY},
 doi = {10.1145/2987443.2987446}
}

@misc{Stratusly.2017,
 author = {Stratusly},
 editor = {Stratusly},
 year = {2017},
 title = {Top 5 Best DNS Hosting Providers},
 url = {\burl{https://stratusly.com/best-dns-hosting-cloudflare-dns-vs-dyn-vs-route-53
 -vs-dns-made-easy- vs-google-cloud-dns/}},
 address = {stratusly.com},
 urldate = {01.07.2018}
}

@misc{ZDNet.2018,
 author = {ZDNet},
 editor = {https://www.zdnet.com/},
 year = {2018},
 title = {AWS traffic hijack: Users sent to phishing site in two-hour cryptocurrency heist: Criminals pull off a brazen attack using weakness in core internet infrastructure.},
 url = {\url{https://www.zdnet.com/article/aws-traffic-hijack-users-sent-to-phishing-site-in-two-hour-cryptocurrency-heist/}},
 urldate = {02.07.2018}
}

@book{Schreiner.2016,
 author = {Schreiner, R{\"u}diger},
 year = {2016},
 title = {Computernetzwerke: Von den Grundlagen zur Funktion und Anwendung},
 price = {(E-Book)},
 keywords = {Computer networks;Computer networks architecture;Rechnerkommunikation;Rechnernetz},
 address = {M{\"u}nchen},
 edition = {6., erweiterte Auflage},
 publisher = {Hanser},
 isbn = {9783446449428},
 PagesUsed = {p. 90f}
}